% VM200 Media Criticism & Theory - Course Bibliography
% BibTeX references for Quarto project

% =====================================
% REQUIRED TEXTS
% =====================================

@book{fisher2009capitalist,
  title = {Capitalist Realism: Is There No Alternative?},
  author = {Fisher, Mark},
  year = {2009},
  publisher = {Zero Books},
  address = {Winchester, UK, and Washington, USA},
  isbn = {978-1-84694-317-1}
}

@book{richardson2020bearing,
  title = {Bearing Witness While Black: African Americans, Smartphones, and the New Protest \#Journalism},
  author = {Richardson, Allissa V.},
  year = {2020},
  publisher = {Oxford University Press},
  address = {Oxford},
  isbn = {978-0-19-093554-7}
}

% =====================================
% WEEK 1: SITES OF STRUGGLE
% =====================================

@incollection{eco1986semiological,
  title = {Towards a Semiological Guerrilla Warfare},
  author = {Eco, Umberto},
  booktitle = {Travels in Hyperreality: Essays},
  translator = {Weaver, William},
  year = {1986},
  pages = {135--144},
  publisher = {Harcourt Brace Jovanovich},
  address = {San Diego}
}

@incollection{welch1993conquest,
  title = {The Conquest of the Masses},
  author = {Welch, David},
  booktitle = {The Third Reich: Politics and Propaganda},
  edition = {2nd},
  year = {1993},
  pages = {10--37},
  publisher = {Routledge},
  address = {London and New York}
}

% =====================================
% WEEK 2: IDEOLOGY AND THE ORWELLIAN
% =====================================

@incollection{althusser1971ideology,
  title = {Ideology and Ideological State Apparatuses (Notes towards an Investigation)},
  author = {Althusser, Louis},
  booktitle = {Lenin and Philosophy and Other Essays},
  translator = {Brewster, Ben},
  year = {1971},
  pages = {127--186},
  publisher = {Monthly Review Press},
  address = {New York}
}

@incollection{fisher2009introduction,
  title = {It's Easier to Imagine the End of the World Than the End of Capitalism},
  author = {Fisher, Mark},
  booktitle = {Capitalist Realism: Is There No Alternative?},
  year = {2009},
  pages = {1--11},
  publisher = {Zero Books},
  address = {Winchester, UK, and Washington, USA},
  note = {Introduction}
}

@incollection{fisher2021lecture1,
  title = {Lecture 1: What Is Postcapitalist Desire?},
  author = {Fisher, Mark},
  booktitle = {Postcapitalist Desire: The Final Lectures},
  editor = {Colquhoun, Matt},
  year = {2021},
  pages = {21--48},
  publisher = {Repeater Books},
  address = {London}
}

@video{squidgame2021,
  title = {Squid Game},
  director = {Hwang, Dong-hyuk},
  year = {2021},
  publisher = {Netflix},
  address = {South Korea},
  type = {Television series},
  note = {9 episodes}
}

% =====================================
% WEEK 3: SIMULATION AND PASTICHE
% =====================================

@online{friedlander2014social,
  title = {Social Anxiety: Why Amalia Ulman's Fake 'Middlebrow' Instagram Is No Different From Yours},
  author = {Friedlander, Emilie},
  organization = {The Fader},
  year = {2014},
  month = {nov},
  day = {7},
  url = {https://www.thefader.com/2014/11/07/social-anxiety-why-amalia-ulmans-middlebrow-instagram-feed-is-no-different-from-yours},
  urldate = {2025-08-10}
}

@online{sooke2016instagram,
  title = {Is This The First Instagram Masterpiece?},
  author = {Sooke, Alastair},
  organization = {The Telegraph},
  year = {2016},
  month = {jan},
  day = {18},
  url = {https://www.telegraph.co.uk/photography/what-to-see/is-this-the-first-instagram-masterpiece/},
  urldate = {2025-08-10}
}

@online{dazed2016ulman,
  title = {Amalia Ulman: Meme Come True},
  author = {{Dazed Digital}},
  organization = {Dazed Digital},
  year = {2016},
  url = {https://www.dazeddigital.com/artsandculture/article/23700/1/amalia-ulman-meme-come-true},
  urldate = {2025-08-10}
}

@misc{ulman2014excellences,
  title = {Excellences \& Perfections},
  author = {Ulman, Amalia},
  year = {2014},
  howpublished = {Instagram performance},
  note = {Documentation at \url{http://amaliaulman.eu/}}
}

@movie{elplaneta2020,
  title = {El Planeta},
  director = {Amalia Ulman,},
  year = {2020},
  publisher = {Holga's Meow Pictures},
  address = {USA},
  type = {Film},
  note = {79 minutes}
}

@video{inventinganna2022,
  title = {Inventing Anna},
  director = {Rhimes, Shonda},
  year = {2022},
  publisher = {Netflix},
  address = {USA},
  type = {Television miniseries},
  note = {Episode 6: Friends in Low Places}
}

% =====================================
% WEEK 4: FEMINISM/POSTFEMINISM
% =====================================

@incollection{negra2007introduction,
  title = {Introduction: Feminist Politics and Postfeminist Culture},
  author = {Negra, Diane and Tasker, Yvonne},
  booktitle = {Interrogating Postfeminism: Gender and the Politics of Popular Culture},
  editor = {Negra, Diane and Tasker, Yvonne},
  year = {2007},
  pages = {1--25},
  publisher = {Duke University Press},
  address = {Durham, NC}
}

@incollection{roberts2007fashion,
  title = {The Fashion Police: Governing the Self in \emph{What Not To Wear}},
  author = {Roberts, Martin},
  booktitle = {Interrogating Postfeminism: Gender and the Politics of Popular Culture},
  editor = {Negra, Diane and Tasker, Yvonne},
  year = {2007},
  pages = {227--248},
  publisher = {Duke University Press},
  address = {Durham, NC}
}

% =====================================
% WEEK 5: WITNESSING
% =====================================

@incollection{richardson2020looking,
  title = {Looking As Rebellion: The Concept of Black Witnessing},
  author = {Richardson, Allissa V.},
  booktitle = {Bearing Witness While Black: African Americans, Smartphones, and the New Protest \#Journalism},
  year = {2020},
  chapter = {1},
  pages = {18--42},
  publisher = {Oxford University Press},
  address = {Oxford}
}

@incollection{richardson2020protest,
  title = {The New Protest \#Journalism: Black Witnessing as Counternarrative},
  author = {Richardson, Allissa V.},
  booktitle = {Bearing Witness While Black: African Americans, Smartphones, and the New Protest \#Journalism},
  year = {2020},
  chapter = {3},
  pages = {65--89},
  publisher = {Oxford University Press},
  address = {Oxford}
}

% =====================================
% WEEK 6: TRIBES - SUBCULTURES, LIFESTYLES, AESTHETICS
% =====================================

@article{giolo2024aesthetics,
  title = {The Aesthetics of the Self: The Meaning-Making of Internet Aesthetics},
  author = {Giolo, Guilherme and Berghman, MichaÃ«l},
  journal = {Cultural Sociology},
  year = {2024},
  doi = {10.1177/17499755241229570}
}

@movie{bladerunner1982,
  title = "{Blade Runner}",
  director = "{Ridley Scott,}",
  year = {1982},
  publisher = "{Warner Bros. Pictures}",
  medium = "{Film}",
}

@movie{bladerunner2017,
  title = "{Blade Runner 2049}",
  director = "{Denis Villeneuve,}",
  year = {2017},
  publisher = "{Warner Bros. Pictures}",
  medium = "{Film}",
}

@online{aestheticswiki2025,
  title = {What Are Aesthetics?},
  organization = {Aesthetics Wiki},
  year = {2025},
  url = {https://aesthetics.fandom.com/wiki/Aesthetics_Wiki},
  urldate = {2025-08-10}
}

% =====================================
% WEEK 7: FANDOM
% =====================================

@article{baym2015social,
  title = {Social Media and the Struggle for Society},
  author = {Baym, Nancy K.},
  journal = {Social Media + Society},
  volume = {1},
  number = {1},
  year = {2015},
  pages = {1--2},
  doi = {10.1177/2056305115580477}
}

@incollection{baym2018music,
  title = {Music Fandom in the Digital Age: A Conversation},
  author = {Baym, Nancy K. and Cavicchi, Daniel and Coates, Norma},
  booktitle = {The Routledge Companion to Media Fandom},
  editor = {Click, Melissa A. and Scott, Suzanne},
  year = {2018},
  pages = {141--152},
  publisher = {Routledge},
  address = {New York}
}

% =====================================
% ADDITIONAL RECOMMENDED READINGS
% =====================================

% Semiotics and Media Theory

@book{barthes1972mythologies,
  title = {Mythologies},
  author = {Barthes, Roland},
  translator = {Lavers, Annette},
  year = {1972},
  publisher = {Hill and Wang},
  address = {New York}
}

@book{chandler2017semiotics,
  title = {Semiotics: The Basics},
  author = {Chandler, Daniel},
  edition = {3rd},
  year = {2017},
  publisher = {Routledge},
  address = {London}
}

@incollection{hall1980encoding,
  title = {Encoding/Decoding},
  author = {Hall, Stuart},
  booktitle = {Culture, Media, Language: Working Papers in Cultural Studies, 1972-79},
  editor = {Hall, Stuart and Hobson, Dorothy and Lowe, Andrew and Willis, Paul},
  year = {1980},
  pages = {128--138},
  publisher = {Hutchinson},
  address = {London}
}

% Ideology and Cultural Studies

@book{eagleton2007ideology,
  title = {Ideology: An Introduction},
  author = {Eagleton, Terry},
  edition = {2nd},
  year = {2007},
  publisher = {Verso},
  address = {London}
}

@book{gramsci1985selections,
  title = {Selections from Cultural Writings},
  author = {Gramsci, Antonio},
  editor = {Forgacs, David and Nowell-Smith, Geoffrey},
  year = {1985},
  publisher = {Harvard University Press},
  address = {Cambridge, MA}
}

@book{williams1985keywords,
  title = {Keywords: A Vocabulary of Culture and Society},
  author = {Williams, Raymond},
  edition = {Revised},
  year = {1985},
  publisher = {Oxford University Press},
  address = {New York}
}

% Postmodernism and Simulation

@book{baudrillard1994simulacra,
  title = {Simulacra and Simulation},
  author = {Baudrillard, Jean},
  translator = {Glaser, Sheila Faria},
  year = {1994},
  publisher = {University of Michigan Press},
  address = {Ann Arbor}
}

@book{jameson1991postmodernism,
  title = {Postmodernism, or, The Cultural Logic of Late Capitalism},
  author = {Jameson, Fredric},
  year = {1991},
  publisher = {Duke University Press},
  address = {Durham, NC}
}

@book{lyotard1984postmodern,
  title = {The Postmodern Condition: A Report on Knowledge},
  author = {Lyotard, Jean-FranÃ§ois},
  translator = {Bennington, Geoff and Massumi, Brian},
  year = {1984},
  publisher = {University of Minnesota Press},
  address = {Minneapolis}
}

% Digital Culture and Social Media

@book{boyd2014complicated,
  title = {It's Complicated: The Social Lives of Networked Teens},
  author = {boyd, danah},
  year = {2014},
  publisher = {Yale University Press},
  address = {New Haven}
}

@book{jenkins2019participatory,
  title = {Participatory Culture: Interviews},
  author = {Jenkins, Henry},
  year = {2019},
  publisher = {Polity Press},
  address = {Cambridge}
}

@book{marwick2013status,
  title = {Status Update: Celebrity, Publicity, and Branding in the Social Media Age},
  author = {Marwick, Alice E.},
  year = {2013},
  publisher = {Yale University Press},
  address = {New Haven}
}

@book{tufekci2017twitter,
  title = {Twitter and Tear Gas: The Power and Fragility of Networked Protest},
  author = {Tufekci, Zeynep},
  year = {2017},
  publisher = {Yale University Press},
  address = {New Haven}
}

% Feminism and Gender Studies

@book{butler1990gender,
  title = {Gender Trouble: Feminism and the Subversion of Identity},
  author = {Butler, Judith},
  year = {1990},
  publisher = {Routledge},
  address = {New York}
}

@book{hooks2000feminism,
  title = {Feminism Is for Everybody: Passionate Politics},
  author = {hooks, bell},
  year = {2000},
  publisher = {South End Press},
  address = {Cambridge, MA}
}

@book{mcrobbie2009aftermath,
  title = {The Aftermath of Feminism: Gender, Culture and Social Change},
  author = {McRobbie, Angela},
  year = {2009},
  publisher = {Sage},
  address = {London}
}

@article{mulvey1975visual,
  title = {Visual Pleasure and Narrative Cinema},
  author = {Mulvey, Laura},
  journal = {Screen},
  volume = {16},
  number = {3},
  year = {1975},
  pages = {6--18}
}

% Race and Media

@article{bonilla2015ferguson,
  title = {\#Ferguson: Digital Protest, Hashtag Ethnography, and the Racial Politics of Social Media in the United States},
  author = {Bonilla, Yarimar and Rosa, Jonathan},
  journal = {American Ethnologist},
  volume = {42},
  number = {1},
  year = {2015},
  pages = {4--17}
}

@book{gray2004watching,
  title = {Watching Race: Television and the Struggle for Blackness},
  author = {Gray, Herman},
  year = {2004},
  publisher = {University of Minnesota Press},
  address = {Minneapolis}
}

@book{noble2018algorithms,
  title = {Algorithms of Oppression: How Search Engines Reinforce Racism},
  author = {Noble, Safiya Umoja},
  year = {2018},
  publisher = {NYU Press},
  address = {New York}
}

% Subcultures and Fan Studies

@book{hebdige1979subculture,
  title = {Subculture: The Meaning of Style},
  author = {Hebdige, Dick},
  year = {1979},
  publisher = {Routledge},
  address = {London}
}

@book{jenkins2012textual,
  title = {Textual Poachers: Television Fans and Participatory Culture},
  author = {Jenkins, Henry},
  edition = {2nd},
  year = {2012},
  publisher = {Routledge},
  address = {New York}
}

@book{thornton1996club,
  title = {Club Cultures: Music, Media, and Subcultural Capital},
  author = {Thornton, Sarah},
  year = {1996},
  publisher = {Wesleyan University Press},
  address = {Middletown, CT}
}
